\usepackage[style=apa,backend=biber]{biblatex}


